<record xmlns:xsi="http://www.w3.org/2001/XMLSchema-instance" xmlns="http://www.loc.gov/MARC21/slim" xsi:schemaLocation="http://www.loc.gov/MARC21/slim http://www.loc.gov/standards/marcxml/schema/MARC21slim.xsd">

  <leader>     nam a22        4500</leader>
  <datafield ind2=" " ind1=" " tag="999">
    <subfield code="c">3472</subfield>
    <subfield code="d">3472</subfield>
  </datafield>
  <controlfield tag="008">180222b2015    cr ||||| |||| 00| | spa d</controlfield>
  <datafield ind2=" " ind1=" " tag="090">
    <subfield code="a">08.16.01</subfield>
    <subfield code="b">643</subfield>
  </datafield>
  <datafield ind2=" " ind1="1" tag="100">
    <subfield code="9">3365</subfield>
    <subfield code="a">Quesada, Carlos R.</subfield>
  </datafield>
  <datafield ind1="1" ind2="0" tag="245">
    <subfield code="a">Diagnóstico y estrategia de comunicación del INIE de la Universidad de Costa Rica /</subfield>
    <subfield code="c">Carlos R. Quesada</subfield>
  </datafield>
  <datafield tag="260" ind2=" " ind1=" ">
    <subfield code="a">San José, Costa Rica :</subfield>
    <subfield code="b">INIE,</subfield>
    <subfield code="c">2015</subfield>
  </datafield>
  <datafield tag="300" ind2=" " ind1=" ">
    <subfield code="a">75 páginas; </subfield>
    <subfield code="b">ilustraciones</subfield>
  </datafield>
  <datafield tag="610" ind2="4" ind1="2">
    <subfield code="9">153</subfield>
    <subfield code="a">INSTITUTO DE INVESTIGACIÓN EN EDUCACIÓN</subfield>
  </datafield>
  <datafield tag="650" ind2="4" ind1="1">
    <subfield code="9">150</subfield>
    <subfield code="a">COMUNICACIÓN</subfield>
  </datafield>
  <datafield ind1="1" ind2="4" tag="650">
    <subfield code="9">632</subfield>
    <subfield code="a">DIAGNÓSTICO</subfield>
  </datafield>
  <datafield ind2=" " ind1=" " tag="942">
    <subfield code="2">z</subfield>
    <subfield code="c">04</subfield>
  </datafield>
</record>